<record><leader>00000cas a22000007a 4500</leader><controlfield tag="001">9448940</controlfield><controlfield tag="008">830426c19549999ncudn ne      0   a0eng d</controlfield><datafield ind1=" " ind2=" " tag="010"><subfield code="a">sn 83007676 </subfield></datafield><datafield ind1=" " ind2=" " tag="040"><subfield code="a">NSD</subfield><subfield code="b">eng</subfield><subfield code="c">NSD</subfield><subfield code="d">NVJ</subfield><subfield code="d">OCLCQ</subfield></datafield><datafield ind1=" " ind2=" " tag="012"><subfield code="m">1</subfield></datafield><datafield ind1="1" ind2=" " tag="022"><subfield code="a">0745-7804</subfield><subfield code="l">0745-7804</subfield><subfield code="2">1</subfield></datafield><datafield ind1="1" ind2=" " tag="029"><subfield code="a">AU@</subfield><subfield code="b">000045449823</subfield></datafield><datafield ind1=" " ind2=" " tag="032"><subfield code="a">520700</subfield><subfield code="b">USPS</subfield></datafield><datafield ind1=" " ind2=" " tag="037"><subfield code="b">Statesville Record &amp; Landmark, 222 E. Broad, St., Statesville, NC 28677</subfield></datafield><datafield ind1=" " ind2=" " tag="042"><subfield code="a">nsdp</subfield><subfield code="a">msc</subfield></datafield><datafield ind1=" " ind2="0" tag="222"><subfield code="a">Statesville record &amp; landmark</subfield></datafield><datafield ind1="0" ind2="0" tag="245"><subfield code="a">Statesville record &amp; landmark.</subfield></datafield><datafield ind1="1" ind2="0" tag="246"><subfield code="a">Statesville record and landmark</subfield></datafield><datafield ind1=" " ind2=" " tag="260"><subfield code="a">Statesville, N.C. :</subfield><subfield code="b">Statesville Daily Record, Inc.,</subfield></datafield><datafield ind1=" " ind2=" " tag="310"><subfield code="a">Daily (except Saturday),</subfield><subfield code="b">Oct. 1, 1984-</subfield></datafield><datafield ind1=" " ind2=" " tag="321"><subfield code="a">Daily (except Sunday),</subfield><subfield code="b">May 6, 1954-Sept. 29, 1984</subfield></datafield><datafield ind1="0" ind2=" " tag="362"><subfield code="a">Vol. 80, no. 108 (May 6, 1954)-</subfield></datafield><datafield ind1=" " ind2=" " tag="752"><subfield code="a">United States</subfield><subfield code="b">North Carolina</subfield><subfield code="c">Iredell</subfield><subfield code="d">Statesville.</subfield></datafield><datafield ind1="0" ind2="4" tag="780"><subfield code="t">Statesville daily record</subfield><subfield code="w">(DLC)sn 97046531</subfield></datafield><datafield ind1="0" ind2="4" tag="780"><subfield code="t">Landmark (Statesville, N.C.)</subfield><subfield code="w">(DLC)sn 85042202</subfield></datafield><datafield ind1=" " ind2=" " tag="936"><subfield code="a">Oct. 1, 1984</subfield></datafield></record>